% This file was created with JabRef 2.7.
% Encoding: Cp1252

@BACHELORTHESIS{orac:2007,
  author = {T. Orač},
  title = {Realizacija aritmetično-logičnih primitivov s strukturami kvantnih celičnih avtomatov},
  school = {University of Ljubljana, Faculty of Computer and Information Science},
  year = {2007},
  address = {Ljubljana, Slovenia}
}

@BOOK{virant:2007,
  author = {J. Virant},
  title = {Načrtovanje nanoračunalniških struktur : uvod v nanoračunalniško logiko},
  isbn = {978-961-6646-38-3},
  year = {2007},
  editor = {C. Bavec, et al.},
  pages = {385},
  address = {Radovljica, Slovenia},
  publisher = {Didakta}
}

@INPROCEEDINGS{lebar_bajec:2001b,
  author = {I. {Lebar Bajec}},
  title = {Postmortem: BARKODA I., II., III. potopitev},
  booktitle = {Proc. of IS 2001},
  year = {2001},
  editor = {C. Bavec, et al.},
  pages = {466--670},
  address = {Ljubljana, Slovenia},
  publisher = {Institut Jo{\v z}ef Stefan}
}

@INPROCEEDINGS{lebar_bajec:2000c,
  author = {I. {Lebar Bajec}},
  title = {PC-CAVE - sistem popolne potopitve v navidezno okolje za osebne ra{\v
	c}unalnike},
  booktitle = {Proc. of ERK 2000},
  year = {2000},
  editor = {B. Zajc},
  volume = {B},
  pages = {391--392},
  address = {Ljubljana, Slovenia},
  publisher = {IEEE Region 8}
}

@INPROCEEDINGS{lebar_bajec:1998b,
  author = {I. {Lebar Bajec}},
  title = {VIRTUALNE SANJE - uporaba navidezne resni{\v c}nosti v moderni umetnosti},
  booktitle = {Proc. of ERK 1998},
  year = {1998},
  editor = {B. Zajc},
  volume = {B},
  pages = {465--466},
  address = {Ljubljana, Slovenia},
  publisher = {IEEE Region 8}
}

@PHDTHESIS{lebar_bajec:2005b,
  author = {I. {Lebar Bajec}},
  title = {Fuzzy Model for a Computer Simulation of Bird Flocking},
  school = {University of Ljubljana, Faculty of Computer and Information Science},
  year = {2005},
  address = {Ljubljana, Slovenia}
}

@MASTERSTHESIS{lebar_bajec:2002b,
  author = {I. {Lebar Bajec}},
  title = {Ra{\v c}unalni{\v s}ki model letenja ptic v jatah},
  school = {University of Ljubljana, Faculty of Computer and Information Science},
  year = {2002},
  address = {Ljubljana, Slovenia}
}

@MASTERSTHESIS{lebar_bajec:2000,
  author = {I. {Lebar Bajec}},
  title = {Stereoskopski prikaz navideznega prostora},
  school = {University of Ljubljana, Faculty of Computer and Information Science},
  year = {2000},
  type = {BSc thesis},
  address = {Ljubljana, Slovenia}
}

@INPROCEEDINGS{lebar_bajec:2005c,
  author = {I. {Lebar Bajec} and M. Mraz},
  title = {Towards multi-state based computing using quantum-dot cellular automata},
  booktitle = {From Cellular Automata to Wetware},
  year = {2005},
  editor = {C. Teucher and A. Adamatzky},
  pages = {95--104},
  address = {Beckington},
  publisher = {Luniver Press}
}

@ARTICLE{lebar_bajec:2003a,
  author = {I. {Lebar Bajec} and M. Mraz and D. Oseli and M. Klemenc and N. Zimic},
  title = {PICAMS - Post Intensive CAre Monitoring System},
  journal = {Informatica Medica Slovenica},
  year = {2003},
  volume = {8},
  pages = {20--26},
  number = {1}
}

@ARTICLE{lebar_bajec:2003b,
  author = {I. {Lebar Bajec} and P. Trunk and D. Oseli and N. Zimic},
  title = {Virtual Coronary Cineangiography},
  journal = {Computers in Biology and Medicine},
  year = {2003},
  volume = {33},
  pages = {293--302},
  number = {3},
  doi = {10.1016/S0010-4825(02)00095-1}
}

@INPROCEEDINGS{lebar_bajec:2001a,
  author = {I. {Lebar Bajec} and P. Trunk and N. Zimic and D. Oseli},
  title = {Virtual Coronary Cineangiography},
  booktitle = {Proc. of LS 2001},
  year = {2001},
  editor = {J. {\v S}trancar},
  pages = {102},
  address = {Ljubljana, Slovenia},
  publisher = {Slovenian Biophysical Society}
}

@INPROCEEDINGS{lebar_bajec:2000b,
  author = {I. {Lebar Bajec} and N. Zimic and I. Lapanja and M. Mraz},
  title = {Programski vmesnik za zvezno ve{\v c}stensko prostorsko projekcijo
	navideznega prostora na osebnem ra{\v c}unalniku},
  booktitle = {Proc. of ERK 2000},
  year = {2000},
  editor = {B. Zajc},
  volume = {B},
  pages = {79--82},
  address = {Ljubljana, Slovenia},
  publisher = {IEEE Region 8}
}

@INPROCEEDINGS{lebar_bajec:1998a,
  author = {I. {Lebar Bajec} and N. Zimic and I. Lapanja and M. Mraz},
  title = {Postopek ra{\v c}unanja pozicije sprehajalca v prostoru s pomo{\v
	c}jo vozi{\v c}ka},
  booktitle = {Proc. of ERK 1998},
  year = {1998},
  editor = {B. Zajc},
  volume = {B},
  pages = {171--174},
  address = {Ljubljana, Slovenia},
  publisher = {IEEE Region 8}
}

@INPROCEEDINGS{lebar_bajec:2003c,
  author = {I. {Lebar Bajec} and N. Zimic and M. Mraz},
  title = {Fuzzifying the thoughts of animats},
  booktitle = {Proc. of IFSA 2003},
  year = {2003},
  editor = {T. Bilgi{\c c} and B. De Baets and O. Kaynak},
  volume = {2715},
  series = {Lecture Notes in Artificial Intelligence},
  pages = {195--202},
  address = {Berlin},
  publisher = {Springer-Verlag}
}

@INPROCEEDINGS{lebar_bajec:2003d,
  author = {I. {Lebar Bajec} and N. Zimic and M. Mraz},
  title = {Boids with a fuzzy way of thinking},
  booktitle = {Proc. of ASC 2003},
  year = {2003},
  editor = {H. Leung},
  pages = {58--62},
  address = {Anaheim},
  publisher = {ACTA Press}
}

@ARTICLE{lebar_bajec:2006a,
  author = {I. {Lebar Bajec} and N. Zimic and M. Mraz},
  title = {The ternary quantum-dot cell and ternary logic},
  journal = {Nanotechnology},
  year = {2006},
  volume = {17},
  pages = {1937--1942},
  number = {8},
  doi = {10.1088/0957-4484/17/8/023}
}

@ARTICLE{lebar_bajec:2006b,
  author = {I. {Lebar Bajec} and N. Zimic and M. Mraz},
  title = {Towards the bottom-up concept: Extended quantum-dot cellular automata},
  journal = {Microelectronic Engineering},
  year = {2006},
  volume = {83},
  pages = {1826--1829},
  number = {4-9},
  doi = {10.1016/j.mee.2006.01.119}
}

@ARTICLE{lebar_bajec:2005a,
  author = {I. {Lebar Bajec} and N. Zimic and M. Mraz},
  title = {Simulating flocks on the wing: the fuzzy approach},
  journal = {Journal of Theoretical Biology},
  year = {2005},
  volume = {233},
  pages = {199--220},
  number = {2},
  doi = {10.1016/j.jtbi.2004.10.003}
}

@INPROCEEDINGS{lebar_bajec:2005d,
  author = {I. {Lebar Bajec} and N. Zimic and M. Mraz},
  title = {Towards the bottom-up concept: extended quantum-dot cellular automata},
  booktitle = {MNE 2005 Abstracts},
  year = {2005},
  pages = {3-q_03}
}

@INPROCEEDINGS{mraz:2004,
  author = {M. Mraz and I. {Lebar Bajec} and N. Zimic},
  title = {Fuzzy logic used for modelling and simulation of massive processes:
	a useful tool for nanotechnologies?},
  booktitle = {Proc. of NNCI 2004},
  year = {2004},
  editor = {M.H. Hamza},
  pages = {274--278},
  address = {Anaheim},
  publisher = {ACTA Press}
}

@ARTICLE{walus:2004,
  author = {K. Walus and T.J. Dysart and G.A. Jullien and A.R. Budiman},
  title = {QCADesigner: a rapid design and simulation tool for quantum-dot cellular
	automata},
  journal = {IEEE Transactions on Nanotechnology},
  year = {2004},
  volume = {3},
  pages = {26--31},
  number = {1},
  doi = {10.1109/TNANO.2003.820815},
  owner = {primoz},
  timestamp = {2011.10.20}
}

